2978 5394
679 97 719 119 ψ’,

652 229 760 251 *¹-

349 427 353 438 Ι

482 693 526 800 l.
550 713 726 803 ovmu
752 719 986 800 ursolus
1130 644 1137 671 ⁸

253 918 1207 1047 METAMORPHOSEON

562 1151 793 1243 LIBER
830 1152 902 1230 XI.

597 1346 862 1402 ,τι-..π

513 1506 949 1588 ARGUMENTUM·

664 1740 787 1777 ¹¹⁴0·-

158 1899 291 1976 HINC
304 1901 387 1976 edm
397 1900 569 1977 'l'hraciae
586 1902 764 1978 mulieres
776 1900 886 1976 illum
908 1899 1200 2004 discerpsistent,
1217 1902 1258 1979 in
1271 1907 1385 1983 arbo·

85 2036 146 2087 res
162 2021 313 2088 mutatae
327 2022 425 2088 sunt.
475 2013 578 2088 Tum
597 2012 801 2087 Bacchus&
818 2010 982 2084 Thracis
1008 2008 1173 2090 recessit,
1189 2021 1228 2086 et
1262 2015 1383 2095 Mida

89 2149 158 2224 pro
177 2127 305 2202 Sileno
322 2126 495 2202 restituto
512 2124 595 2199 auri
611 2122 760 2222 copiam
776 2121 878 2197 fecit.
928 2120 1044 2217 Cujus
1061 2123 1145 2194 cdm
1167 2122 1275 2200 illum
1302 2155 1380 2227 poe-

86 2231 235 2328 niteret,
253 2240 291 2315 in
307 2240 468 2315 Pactolo
488 2241 600 2319 lotus,
619 2259 748 2313 arenas
764 2236 845 2333 ejus
859 2257 991 2310 aureas
1022 2232 1195 2308 reddidit.
1245 2237 1381 2317 Postea

87 2348 252 2424 Phoebus
269 2376 338 2448 pro
357 2348 489 2449 iniquo
508 2347 657 2447 judicio
684 2369 794 2421 aures
823 2344 882 2419 illi
910 2342 1067 2419 asininas
1096 2342 1239 2422 tribuit
1289 2350 1381 2433 Quo

85 2456 196 2539 facto,
228 2460 356 2558 Trojae
388 2459 537 2548 moenia,
571 2460 773 2534 humanam
806 2455 959 2531 indutus
984 2452 1154 2542 sormam,
1186 2462 1382 2535 exstruxit.

85 2564 197 2642 Hanc
214 2571 345 2644 urbem
372 2580 572 2670 postquam
601 2568 703 2668 cepit
725 2565 927 2654 Hercules,
952 2563 1162 2642 Hesionam
1179 2565 1380 2645 Telamoni

85 2703 241 2754 uxorem
278 2682 403 2756 dedit:
439 2682 750 2782 quandoquidem
789 2680 927 2756 Peleus
949 2679 1029 2776 jam
1057 2679 1261 2756 Thetidem
1291 2694 1378 2781 post

82 2795 218 2868 multas
234 2794 315 2891 ejus
344 2794 687 2871 transformationes
711 2797 894 2870 duxerat:
920 2803 961 2870 et
986 2795 1034 2868 ad
1066 2793 1233 2891 Ceycem
1251 2801 1381 2891 postea

84 2905 292 3000 profectus,
318 2903 579 2980 Daedalmnem
601 2905 639 2978 in
664 2903 895 3002 accipitrem,
923 2909 964 2978 et
989 2902 1124 3001 lupum
1149 2903 1189 2978 in
1216 2903 1383 3003 lapidem

87 3036 321 3101 conversum,
338 3014 475 3113 partim
504 3013 753 3100 intellexerat,
770 3013 907 3112 partim
924 3013 1004 3111 ipse
1020 3013 1177 3091 viderat.
1227 3013 1383 3098 Accidit

86 3124 233 3211 deinde,
262 3134 306 3201 ut
338 3126 530 3224 Alcyone,
562 3125 697 3201 marito
725 3134 812 3223 post
838 3124 1075 3225 naudngium
1102 3126 1173 3201 sub
1203 3122 1384 3221 Morphei
1453 3135 1455 3139 ’

89 3232 208 3330 figure
224 3262 293 3334 per
305 3263 477 3314 somnum
493 3245 709 3337 conspecto,
726 3237 764 3312 in
781 3262 888 3313 arem
904 3238 1001 3313 sicut
1027 3245 1068 3313 et
1083 3238 1249 3324 nmritus,
1264 3243 1384 3309 muta·

87 3354 201 3421 retur.
253 3349 362 3433 Quos
379 3351 417 3426 in
443 3359 527 3428 aere
553 3351 722 3426 volantes
739 3351 824 3425 edm
853 3349 1199 3427 animadvertissent
1215 3344 1382 3446 quidam,

86 3459 265 3536 AEsacum
280 3466 471 3562 quondam
487 3464 525 3539 in
541 3487 726 3562 mergum,
738 3463 808 3562 qui
822 3472 904 3538 tum
919 3461 1017 3539 fortd
1038 3465 1179 3549 aderat,
1208 3455 1381 3534 memine

89 3581 175 3646 runt
193 3576 503 3652 transformatum.

149 3755 1104 3839 l.CAlllle1·ldnmtalrsrlrasanimosqaefersrum1

89 3833 210 3894 Threlci
201 3855 245 3895 rus
257 3842 351 3908 vates,
365 3845 395 3897 ct
407 3857 476 3898 sara
485 3838 636 3916 sequentia
645 3840 744 3912 ducit;

88 3910 166 3971 Ecce
182 3934 270 3973 nurus
281 3915 421 3975 Ciconum
434 3923 518 3977 tecta
533 3917 680 3994 lymphata
694 3884 794 3979 leriam

88 3988 212 4050 Pectora
223 3995 391 4064 velleribus,
405 3995 506 4055 tumuli
521 3997 558 4054 de
572 3997 684 4056 vertice
698 4003 821 4056 cernunt

89 4067 209 4145 Orphea
221 4072 366 4148 percussis
377 4074 534 4133 sociantem
544 4075 671 4133 ommino
684 4075 793 4134 nervia

86 4187 174 4295 ipim
192 4191 433 4254 nolampedr'dursm'
398 4188 749 4254 monumemtum
765 4196 907 4257 metten
920 4206 1040 4246 maur

620 4441 874 4480 ..τ-π

588 4633 591 4640 ’
672 4647 808 4712 Nom

86 4817 328 4938 ιωώαηιψι
327 4826 448 4893 ιιιιιιιι]1ιι
433 4827 804 4950 nffiwstwn
778 4829 909 4880 'tuum
920 4825 1050 4894 stom]
1056 4824 1301 4880 emmennone
1308 4829 1388 4879 Thra·

593 4893 713 4952 neuim
755 4894 804 4948 ciis
822 4893 995 4951 mulieribus·
1015 4890 1390 4969 postummenimcinueo

754 4930 1391 5103 Ttttsisetstltitllfflfflfflffifl·qffl

208 4971 240 5007 er.
195 4893 494 4974 mmmmm
