2978 5394
656 1064 842 1080 m

533 1326 971 1404 ARGUMENTUM.

685 1553 808 1589 ⁸000·

196 1813 466 1894 PRINCIPIO
500 1821 621 1896 Chaos
664 1819 702 1896 in
734 1821 922 1896 aiementa
952 1826 1118 1920 quatuor
1150 1806 1404 1916 distinguitur,

101 1920 251 2009 Quibus
279 1933 361 2006 edm
384 1934 442 2009 sui
466 1938 646 2010 darentur
670 1934 826 2032 singulis
851 1934 1013 2020 incolae3
1040 1935 1152 2008 homo
1169 1957 1217 2006 ex
1238 1933 1337 2007 terrt
1362 1939 1404 2005 et

101 2044 201 2140 aqud
217 2034 364 2119 creatus
379 2054 445 2120 est.
499 2045 648 2121 Secutae
668 2055 754 2120 sunt
771 2055 897 2120 aetates
921 2045 1114 2119 hominum
1131 2052 1306 2143 quatuor.
1359 2043 1405 2118 ln

97 2165 259 2252 quarum
283 2163 470 2256 postremi
496 2163 543 2235 de
571 2160 777 2260 Gigantum
801 2161 979 2258 sanguine
1004 2159 1081 2235 nati
1104 2173 1187 2234 sunt
1212 2156 1402 2232 homines:

95 2267 165 2364 qui
183 2271 405 2347 conssrant
425 2272 541 2369 impii,
559 2273 725 2371 Jupiter,
742 2273 914 2371 quamvis
931 2281 1041 2348 antea
1063 2274 1276 2370 Lycaonem
1294 2269 1331 2345 in
1349 2271 1405 2345 lu-

97 2400 190 2474 pum
207 2385 406 2468 munisset,¹
420 2384 588 2481 generali
612 2383 853 2459 nihilominus
880 2384 1067 2483 supplicio
1094 2382 1278 2458 diluvium
1299 2381 1405 2456 indu-

98 2514 197 2577 cem,
216 2495 339 2588 omnia
357 2496 394 2570 in
412 2521 549 2596 aquam
567 2498 764 2572 convertit.
816 2498 892 2571 Htc
906 2499 978 2571 soli
995 2497 1261 2594 relinquuntur
1278 2518 1405 2591 super-

101 2603 207 2681 stites
230 2607 438 2683 Deucalion
456 2621 495 2683 et
521 2609 676 2706 Pyrrha.
728 2607 809 2688 Qui
825 2620 912 2706 post
928 2609 1113 2682 redditam
1129 2615 1279 2687 terram,
1291 2605 1408 2705 jactis

95 2728 183 2815 post
195 2730 301 2820 terga
315 2723 503 2822 lapidibus
516 2724 717 2798 humanum
729 2725 950 2821 repartrunt
962 2745 1092 2820 genus,
1144 2718 1242 2794 Nam
1256 2717 1406 2816 reliqua

24 2900 29 2908 .
95 2834 251 2929 quidem
278 2837 450 2913 animalia·
468 2855 600 2936 sponte
619 2837 685 2911 sud
704 2862 753 2912 ex
781 2827 938 2910 humore
955 2845 995 2910 et
1013 2835 1139 2908 calore
1155 2831 1378 2931 prodierunt
1394 2862 1406 2919 3

95 2942 270 3045 interque
288 2974 333 3022 ea
349 2959 389 3024 et
406 2949 530 3047 Pytho
552 2973 715 3046 serpens.
767 2947 894 3028 Quem
920 2946 1004 3021 cum
1031 2945 1176 3042 Apollo
1201 2944 1406 3021 interemis-
1452 3000 1455 3005 -

96 3065 166 3142 set,
183 3056 339 3153 Pythion
357 3061 466 3134 ludos
485 3061 522 3134 in
539 3059 596 3133 rei
612 3058 832 3134 memoriam
849 3056 1021 3132 instituit.
1072 3058 1116 3129 In
1133 3055 1273 3155 quibus
1289 3058 1407 3133 vieto·

96 3196 156 3246 res
173 3173 323 3247 esculea
339 3177 478 3248 corona
495 3175 731 3248 donabantur
744 3200 763 3276 z·
781 3174 945 3246 nondum
959 3169 1060 3245 enim
1076 3169 1254 3242 extiterat
1266 3171 1406 3260 laurus,

23 3347 69 3389 Ἢ
99 3283 221 3356 donec
239 3280 276 3355 in
292 3308 376 3357 eam
396 3284 554 3382 Daphne
573 3284 703 3381 puella
720 3282 994 3357 tuitconversa
1023 3279 1140 3360 Quod
1154 3279 1238 3352 mim
1255 3279 1408 3355 accidis

37 3442 42 3453 ·
97 3405 167 3480 set,
184 3405 263 3467 tum
287 3397 334 3468 ad
360 3407 505 3494 patrem
521 3396 604 3493 ejus
630 3396 811 3485 Peneum,
835 3397 919 3471 etim
940 3395 1081 3493 reliqui
1101 3394 1207 3467 fluvii
1224 3395 1302 3470 sive
1320 3418 1407 3468 con-

97 3507 321 3605 gratulandi,
356 3509 433 3586 sive
464 3511 578 3585 etiam
604 3510 824 3585 consolandi
848 3511 970 3609 gratita
995 3509 1279 3591 convenissent3
1305 3504 1407 3580 solus

88 3618 329 3715 ‚desideratus
345 3631 404 3696 est
420 3596 613 3711 Inachus?
634 3625 738 3724 quod
753 3627 800 3700 de
815 3624 893 3698 fitia
906 3628 972 3699 sut
989 3624 1081 3699 lone
1097 3623 1281 3698 sollicitus
1297 3628 1406 3706 esset.

97 3756 215 3830 quam
229 3733 382 3830 Jupiter
397 3742 484 3832 post
501 3745 672 3832 stuprum
691 3735 728 3810 in
739 3737 944 3834 juvencam
959 3737 1131 3809 muttrat.
1185 3737 1240 3808 Ea
1258 3736 1341 3808 crim
1359 3735 1408 3808 ab

96 3842 206 3943 Argo
220 3846 484 3936 custodiretur,
503 3848 720 3924 Mercurius
734 3875 835 3938 eum,
852 3851 1001 3923 narrata
1017 3848 1118 3945 priris
1136 3849 1170 3922 N
1174 3850 1323 3948 ymphae
1338 3847 1407 3945 Sy·

108 3955 210 4055 ingis
221 3958 261 4032 in
276 3962 495 4037 arundinem
508 3961 849 4044 transformatione,
864 3961 1016 4036 occidit.
1058 3959 1176 4057 Cujus
1189 3965 1292 4040 oculi
1305 3962 1407 4037 dein·

113 4073 146 4146 Ie
169 4075 191 4145 d
214 4072 365 4150 Junone
392 4078 431 4153 in
455 4102 642 4177 pavonem
667 4077 799 4153 collati
823 4077 994 4180 fuerunt
1040 4075 1143 4150 Tum
1169 4077 1226 4167 Io,
1252 4072 1405 4170 pristini

95 4186 264 4287 mulieris
280 4185 410 4271 formt,
429 4195 594 4291 recepta,
613 4192 817 4290 Epaphum
831 4190 942 4290 parit.
