2978 5394
506 934 944 1012 inconsonum

669 1171 792 1208 *⁴00-

102 1412 137 1433 ··
181 1371 282 1454 (ΗΠ
307 1371 392 1445 crim
417 1371 626 1469 aliquando·
647 1370 845 1444 Phaetonti
860 1370 1093 1470 Apollinem,
1126 1384 1168 1448 ut
1184 1375 1320 1452 salsum
1336 1403 1380 1459 ac

82 1488 330 1586 suppositium
347 1495 505 1585 patrem,
530 1484 754 1583 objecisset;
787 1487 852 1561 ille
870 1508 1001 1563 currus
1019 1478 1160 1563 Solaris
1184 1488 1384 1586 imperium

83 1601 129 1672 ad
148 1599 249 1674 diem
264 1623 379 1673 unum
398 1602 419 1671 ὲ
435 1607 542 1697 patre
567 1597 605 1671 in
621 1598 757 1695 pignus
774 1622 873 1671 verae
891 1598 1015 1696 stirpis
1044 1599 1152 1698 petit.
1203 1599 1293 1680 Quo
1318 1599 1386 1672 im·

84 1721 246 1809 petrato,
262 1721 363 1786 terra
380 1712 427 1786 ab
441 1737 488 1785 eo
504 1718 584 1785 tota
601 1710 831 1798 accenditur,
849 1720 888 1786 et
906 1711 1002 1786 iuter
1016 1720 1153 1788 caetera
1169 1711 1386 1812 nigrescunt

85 1824 291 1922 AEthiopes
346 1825 590 1898 Phaetonteas
600 1823 735 1898 deiude
749 1821 905 1899 fulmine
914 1840 1137 1922 ‘percussum
1153 1829 1244 1900 dum
1253 1823 1387 1920 lugent

85 1956 244 2026 sorores,
272 1944 311 2012 ct
328 1941 402 2012 una
418 1944 600 2035 cognatus
618 1936 772 2035 Cygnus
786 1965 797 2023 ;
823 1938 899 2011 illae
919 1937 957 2012 in
974 1938 1138 2027 arbores,
1162 1939 1224 2012 hic
1240 1936 1280 2010 iu
1296 1953 1387 2031 cyg-

86 2074 178 2124 num
195 2058 371 2125 mutatur.
421 2047 523 2121 Tum
539 2045 703 2144 Jupiter,
720 2048 879 2124 lustrato
896 2057 1081 2125 terrarum
1094 2051 1186 2126 orbe
1204 2074 1249 2124 ac
1265 2043 1389 2145 pristi-

87 2190 138 2241 no
162 2162 284 2263 vigori
308 2160 493 2244 restituto,
523 2158 561 2231 in
591 2157 835 2240 Callistonem
865 2160 1008 2241 incidit,
1036 2187 1211 2262 eamque,
1238 2158 1388 2255 sumpti

88 2272 221 2348 Dianae
238 2274 368 2358 forma,
386 2269 580 2369 stupravit.
631 2268 691 2342 Ob
708 2268 747 2342 id
764 2270 858 2348 irata
875 2272 900 2344 J
904 2297 990 2361 uno,
1009 2272 1254 2348 Callistonem
1273 2269 1311 2342 in
1328 2291 1388 2341 ur-

88 2411 166 2461 sam
182 2386 390 2462 convertit:
418 2408 532 2483 quam
555 2393 686 2481 postea
712 2385 834 2458 Arcas
859 2386 959 2460 filius
983 2389 1229 2461 transfixurus
1253 2383 1388 2463 fuerat,

90 2498 161 2574 nisi
179 2507 382 2596 utrumque
399 2496 553 2594 Jupiter
567 2496 665 2570 inter
682 2496 803 2569 sidera
819 2498 1020 2571 retulisset
1073 2496 1163 2577 Qua
1180 2496 1226 2568 de
1244 2517 1284 2566 re
1302 2491 1388 2565 clrm

90 2611 191 2708 apud
208 2609 403 2683 Oceanum
418 2607 521 2682 June
539 2614 745 2705 conquesta
760 2615 870 2684 esset,
893 2607 931 2681 in
945 2608 1085 2681 coelum
1101 2607 1219 2681 relata
1236 2602 1310 2676 fuit
1324 2601 1392 2675 hu·

90 2720 202 2796 meris
219 2741 419 2817 pavonum,
445 2716 513 2815 qui
530 2739 651 2814 nuper
667 2715 860 2814 variegata
886 2716 1055 2791 fuerant:
1083 2715 1182 2791 sicut
1197 2726 1238 2789 et
1253 2738 1391 2791 corvus

92 2856 215 2929 nuper
231 2853 280 2906 ex
297 2830 384 2904 albo
402 2828 509 2928 niger
526 2836 608 2903 erat
624 2826 805 2914 redditus,
830 2827 913 2900 crim
931 2826 1100 2901 Cornicis
1116 2825 1278 2912 monitis,
1303 2849 1392 2924 quae

92 2941 247 3019 illitum
265 2969 369 3020 suam
385 2944 424 3019 in
437 2942 638 3030 cornicem,
664 2951 745 3016 tum
763 2941 1010 3039 Nyctimenes
1026 2943 1064 3018 in
1081 2951 1257 3017 noctuam
1274 2949 1395 3013 muta·

93 3055 235 3129 tionem
251 3056 472 3154 explicaret,
496 3079 571 3128 non
588 3056 893 3152 obtemperasset,
917 3057 982 3130 sed
999 3058 1178 3131 audacter
1194 3052 1394 3128 Coronidis

95 3167 321 3243 adulterium
335 3171 381 3241 ad
398 3167 622 3267 Apollinem
635 3167 843 3242 detulisset.
894 3168 990 3266 Ejus
1003 3171 1137 3245 deinde
1152 3169 1244 3246 filio,
1262 3166 1396 3241 AEscu·

94 3283 210 3380 lapio,
232 3282 316 3357 crim
332 3292 457 3358 satura
473 3282 695 3380 praediceret
712 3283 930 3380 Ocyroeiu
947 3309 1085 3384 aquam
1102 3284 1156 3360 ira
1173 3280 1297 3358 divint
1313 3302 1397 3354 ver-

95 3397 199 3480 titur.
242 3396 346 3471 Tum
357 3397 496 3472 Chiron
507 3405 626 3494 pater,
637 3384 829 3494 Apollinis
841 3397 1024 3472 auxilium
1037 3397 1172 3472 frustrt
1184 3390 1394 3471 invocavit:

98 3512 202 3610 quod
219 3509 284 3585 ille
296 3510 376 3607 jam
394 3511 479 3585 inde
498 3510 610 3585 Elide
626 3519 755 3609 pastor
770 3510 903 3598 factus,
928 3511 1031 3586 aliud
1048 3521 1188 3612 ageret,
1213 3506 1396 3605 neglectis

35 3626 38 3632 ’
97 3623 213 3698 etiam
228 3622 359 3696 bobus.
411 3619 457 3693 ld
472 3625 578 3719 quod
598 3621 794 3696 Mercurio
812 3621 897 3696 illos
914 3622 1064 3696 furandi
1081 3623 1317 3696 occasionem
1333 3621 1397 3694 de·

100 3734 176 3808 dit:
203 3733 272 3833 qui
285 3732 419 3807 deinde
438 3732 552 3818 Batti,
569 3735 653 3808 crim
670 3734 700 3808 is
714 3735 815 3808 solus
828 3743 926 3809 esset
939 3734 1031 3808 furti
1043 3735 1225 3831 conscius
1238 3735 1397 3833 perfidit

100 3868 140 3918 se
158 3846 423 3919 commutando
441 3845 680 3941 deprehensi,
708 3843 747 3918 in
763 3844 926 3919 indicem
951 3845 1115 3943 lapidem
1132 3870 1219 3923 eum
1244 3873 1399 3924 conver·

100 3952 159 4028 tit.
211 3953 304 4028 Inde
322 3953 359 4029 in
380 3953 546 4028 Atticam
561 3955 760 4053 ingressus,
780 3954 919 4044 Heroe,
935 3954 1117 4053 Cecropis
1134 3954 1222 4046 filia,
1241 3959 1398 4057 potitur.

92 4064 176 4141 'Oui
193 4067 283 4138 dum
299 4065 442 4142 invidet
458 4093 564 4142 soror
576 4070 778 4167 Aglauros,
796 4068 835 4142 in
851 4093 982 4142 saxum
997 4067 1211 4168 obrigescit.
1232 4118 1234 4122 -
1260 4070 1399 4145 Postea

103 4182 268 4282 Jupiter,
291 4181 374 4254 crim
390 4181 514 4279 ipsum
529 4182 645 4258 boves
662 4182 851 4282 Agenoris
868 4185 915 4256 ad
942 4182 1047 4257 littus
1064 4187 1258 4260 advertere
1271 4182 1400 4279 jussis,

104 4306 173 4378 set,
202 4299 349 4396 sumpta
364 4298 465 4377 tauri
480 4296 616 4399 specie,
644 4292 839 4395 Europam
854 4322 924 4399 per
938 4323 1040 4380 mare
1061 4298 1101 4377 iu
1117 4297 1268 4375 Cretam
1283 4305 1400 4376 trans-

105 4413 221 4489 vexit
