2978 5394
499 1598 931 1679 ARGUMENTUM·
947 1672 950 1677 .

644 1924 768 1959 ’000-

173 2189 451 2287 ΑΙιΟΙΤΗΟΕ
477 2217 615 2295 tamen,
643 2215 716 2284 una
742 2233 830 2282 cum
854 2209 1055 2296 sororibus,
1081 2222 1292 2290 constanter
1316 2242 1362 2290 ea

61 2321 337 2396 contemnebat.
388 2322 500 2396 Aded
518 2321 616 2423 utin
632 2320 729 2395 festo
745 2320 931 2411 varimad
955 2323 1084 2395 colum
1100 2324 1270 2400 historias
1287 2328 1362 2401 illae

60 2436 136 2509 sibi
145 2435 305 2510 invicem
318 2460 467 2511 narrare
481 2433 677 2535 coeperint.
711 2432 856 2509 Partim
871 2434 921 2509 de'
928 2435 1044 2510 moris
1055 2435 1269 2536 denigratis,
1282 2463 1365 2534 par-

10 2586 16 2593 ·
58 2548 134 2622 tim
148 2549 194 2623 de
215 2544 394 2644 'Apolline
411 2534 450 2623 id
467 2549 714 2645 Eurynomen
731 2572 852 2634 verso,
873 2556 916 2621 ut
932 2572 1019 2623 cum
1042 2544 1261 2624 Leucothoe
1278 2575 1364 2625 con

60 2659 263 2735 cumberet
282 2684 291 2729 ε
312 2661 559 2757 quamobrem
575 2660 702 2757 Clytie
720 2661 898 2758 zelotypa
916 2661 954 2735 in
984 2660 1270 2761 Heliotropium
1285 2663 1364 2738 sue-

61 2773 115 2848 rit
144 2781 315 2848 mutata:
343 2773 482 2872 partim
507 2775 555 2848 de
572 2773 894 2870 Hermaphrodito
911 2784 951 2851 et
972 2774 1182 2852 Salmacide
1200 2778 1373 2876 nympht'

62 2886 103 2960 in
115 2910 233 2960 unum
250 2909 389 2984 corpus
405 2884 600 2959 concretis.
652 2883 743 2965 Quo
761 2882 874 2972 facto,
892 2910 1035 2963 sorores
1053 2888 1142 2987 ipsae
1159 2887 1198 2964 in
1215 2914 1365 2988 vesper·

65 2998 229 3079 tilioues
247 3020 456 3096 earumque
470 2997 564 3101 telae
589 2995 769 3073 invitem
801 3004 841 3071 et
869 2998 1064 3096 pampinos
1093 3002 1364 3078 transformatae

65 3123 160 3188 sunt.
212 3109 298 3185 Hac
316 3111 362 3186 de
380 3135 421 3184 re
439 3111 523 3184 cnm
554 3109 688 3210 Agave
704 3111 908 3197 laetaretur,
924 3136 1080 3211 magnus
1105 3114 1142 3188 ei
1159 3117 1270 3190 dolor
1299 3117 1363 3189 ob

69 3228 169 3300 latus
184 3234 260 3301 est:
286 3226 439 3325 quando
453 3224 524 3299 lno
537 3233 577 3300 et
591 3225 773 3319 Athamas
790 3222 828 3298 in
845 3250 946 3301 mare
963 3250 1034 3324 per
1045 3227 1228 3303 insaniam
1244 3231 1361 3326 prosi-

72 3339 240 3423 luerunt,
254 3345 294 3412 et
307 3334 398 3410 sacti
412 3344 498 3409 sunt
512 3334 721 3411 dilmarini.
760 3333 869 3416 Quos
879 3339 969 3411 dum
980 3338 1156 3412 mulieres
1170 3336 1362 3418 Thebanae

63 3477 135 3552 pro
153 3450 309 3527 mortuis
326 3447 536 3546 deplorant,
553 3448 592 3523 iu
606 3471 693 3523 saxa
710 3456 750 3522 et
762 3447 939 3523 volucres
955 3455 1243 3525 commutantur.
1269 3454 1363 3528 Cad-

64 3591 148 3642 mus
164 3590 321 3666 quoque
338 3566 407 3639 htc
424 3549 636 3639 calamitate
653 3569 874 3649 commotus,
891 3561 1033 3636 relictis
1046 3560 1200 3650 Thebis,
1218 3564 1254 3638 in
1270 3563 1361 3660 1115-
1475 3652 1478 3665 Ι

63 3681 160 3756 riam
176 3705 263 3756 cum
281 3703 400 3773 uxore
419 3675 613 3777 profectus
630 3684 696 3751 est
748 3674 831 3749 Ubi
860 3682 1022 3774 uterque
1044 3675 1265 3775 anguineam
1288 3677 1362 3753 for·

66 3821 166 3870 mam
179 3778 336 3893 accepit.
388 3793 500 3867 Solus
514 3789 643 3889 itaque
655 3789 820 3864 restabat
833 3792 855 3860 ὲ
870 3787 1009 3862 Bacchi
1022 3790 1362 3886 contemptoribus

69 3906 252 3992 Acrisius,
270 3928 360 3979 avus
370 3901 511 3990 Persei,
522 3900 592 4001 qui
604 3897 792 3999 Gorgonis
805 3906 920 3997 caput
933 3900 1149 3996 amputavit.
1171 3902 1177 3913 '
1201 3899 1235 3974 E
1253 3901 1361 3998 cujus

65 4016 184 4117 guttis
213 4017 251 4092 in
278 4025 418 4094 terram
443 4014 605 4112 delapsis
630 4037 771 4112 angues
796 4013 921 4088 exorti
939 4020 1036 4099 sunt,
1052 4021 1092 4088 et
1109 4013 1305 4088 Atlantem
1323 4012 1361 4085 in

65 4136 245 4216 montem,
268 4128 480 4228 virgasque,
505 4133 592 4224 post
616 4122 897 4198 Andromedam
921 4122 1128 4209 liberatam,
1145 4124 1183 4198 in
1217 4122 1361 4220 lapides

65 4241 264 4316 convertit
314 4242 410 4316 Orto
427 4239 562 4314 deiude
576 4236 615 4311 in
631 4235 771 4335 nuptiis
783 4237 959 4317 tumultu,
973 4226 1157 4313 Phineum
1174 4259 1259 4311 cum
1274 4238 1360 4326 suis,

66 4359 220 4454 unaque
235 4352 404 4430 Proetum
420 4361 460 4429 et
476 4351 724 4448 Polydecten,
741 4374 871 4426 saxeos
888 4350 1061 4426 reddidit.
