2978 5394
764 99 802 122 ωτι,

734 227 844 253 '-

481 806 525 914 r.
552 835 728 913 ovrun
756 832 989 910 nnsonrs

135 1024 138 1029 ’
245 1002 1211 1130 METAMoRPflusnoN

547 1207 776 1284 LIBER
816 1203 931 1279 Vlll.

607 1342 868 1380 εξ

509 1419 948 1507 ΑΒΘΠΜΕΝΤΗΜ.

658 1609 782 1642 ’040-

31 1762 41 1779 »
149 1717 322 1794 MINOS
348 1719 496 1797 interim
528 1723 738 1799 Alcathoen
770 1724 928 1800 obsidet.
964 1720 1052 1802 Qua
1069 1721 1190 1817 capta,
1209 1716 1324 1794 Nisus
1341 1721 1379 1796 in

74 1832 294 1919 Haliartum,
313 1842 353 1908 et
372 1837 501 1932 Scylla
533 1836 569 1912 in
588 1838 691 1913 Cirin
709 1839 862 1914 fuerunt
877 1835 1057 1911 translati.
1108 1832 1210 1911 Hinc
1228 1833 1265 1907 in
1293 1835 1380 1911 Cre·

71 1957 149 2021 tam
169 1948 232 2022 ille
248 1971 417 2022 reversus
432 1958 500 2029 est,
520 1949 587 2024 ubi
606 1950 848 2025 Minotaurus
864 1946 1080 2045 labyrintho
1094 1953 1176 2019 erat
1192 1943 1380 2024 inclusus.

73 2056 200 2139 Quem
215 2061 299 2135 crim
312 2061 483 2137 Theseus
501 2062 637 2136 deinde
655 2064 842 2155 demedio
866 2062 1085 2147 sustulisset,
1103 2084 1191 2133 cum
1209 2060 1379 2137 Ariadne

70 2175 107 2250 in
123 2173 282 2271 patriam
296 2175 455 2261 rediens,
470 2201 553 2249 eam
571 2175 608 2249 in
629 2174 762 2250 itinere
781 2173 997 2271 dereliquit.
1049 2172 1151 2246 Hinc
1175 2196 1257 2247 eam
1286 2176 1379 2251 Bac·
1450 2206 1458 2222 ·

70 2288 160 2364 chus
174 2291 384 2385 assumpsit,
405 2289 564 2388 ejusque
582 2314 760 2383 coronam
789 2288 887 2362 inter
900 2286 1022 2361 sidera
1035 2282 1245 2358 collocarit.
1299 2284 1378 2357 lca·

69 2425 132 2474 rus
150 2404 249 2485 reid,
269 2401 353 2474 oiim
379 2425 427 2475 ex
457 2400 580 2475 insula
597 2411 799 2475 conaretur
822 2408 907 2497 post
931 2405 1076 2496 patrem
1106 2398 1269 2482 evolare,
1293 2398 1377 2471 snb-

68 2533 211 2585 mersus
246 2521 328 2598 est;
367 2512 527 2610 ejusque
576 2512 775 2611 exsequias
818 2510 1073 2585 celebrantem
1105 2516 1251 2605 patrem
1281 2509 1378 2584 vidis

64 2622 215 2718 perdix,
244 2626 267 2694 ὲ
299 2624 400 2696 Tala
435 2627 553 2721 nuper
582 2625 855 2700 transformata.
887 2622 1077 2696 ‘Theseus
1104 2619 1257 2701 interea,
1291 2623 1377 2698 crim

66 2734 177 2808 valde
196 2732 357 2806 celebris
376 2733 456 2829 jam
481 2745 590 2815 esset,
618 2740 665 2810 ad
685 2759 817 2832 aprum
835 2733 1088 2829 Calydonium
1119 2731 1244 2833 (cujus
1262 2734 1374 2813 inter·

65 2844 211 2920 sectore
227 2844 388 2929 sublato,
401 2868 546 2918 sorores
558 2848 640 2944 ejus
657 2846 695 2920 in
710 2846 965 2943 Meleagrides
978 2870 1064 2920 aves
1083 2846 1244 2921 Mutatae
1258 2845 1375 2946 sunt)

64 2957 140 3032 t'uit
157 2966 395 3033 convocatus,
451 2957 540 3034 lnde
568 2962 615 3034 ad
637 2961 849 3035 Acheloum
866 2959 1076 3047 divertitur,
1092 2968 1132 3036 et
1159 2958 1376 3035 Echinades

66 3070 206 3146 insulas
223 3070 419 3169 conspicit,
444 3071 593 3172 inques
622 3073 784 3147 Naiades
801 3080 907 3147 erant
936 3098 1136 3149 conversa.
1188 3074 1303 3155 Quod
1319 3074 1374 3148 ita

61 3184 150 3260 fieri
179 3184 358 3282 potuisse,
388 3185 507 3261 Lelex
534 3187 696 3284 primum
727 3186 904 3261 Baucidis
921 3194 962 3259 et
991 3186 1220 3262 Philemonis
1237 3188 1375 3284 probat

13 3326 16 3330 ⁴
64 3296 257 3392 exemplo,
281 3297 350 3394 qui
377 3299 414 3372 in
443 3300 594 3373 arbores
621 3297 760 3373 suerint
792 3296 1013 3401 commutati
1022 3326 1034 3386 3
1061 3296 1158 3371 sicut
1180 3309 1220 3373 et
1237 3301 1375 3375 domus

64 3407 235 3504 ipsorum
252 3408 290 3481 in
319 3412 515 3507 templum,
542 3436 585 3484 ac
616 3434 733 3506 pagus
764 3409 909 3508 ipsein
939 3418 1120 3501 stagnum.
1172 3411 1380 3485 Achelous·

63 3519 202 3594 deinde
220 3520 349 3597 Protei
365 3533 401 3598 et
423 3524 577 3599 Mestroe
590 3516 933 3600 transformationes
950 3520 1090 3618 adjicit,
1108 3546 1152 3594 ac
1169 3547 1253 3596 suas
1270 3512 1372 3595 deni·

65 3660 157 3734 que,
183 3635 322 3733 quibus
346 3660 432 3710 usus
456 3638 647 3734 quondam
675 3636 809 3721 luerat,
826 3634 910 3709 crim
927 3635 1049 3733 ipsum
1065 3640 1255 3729 premeret
1272 3630 1372 3704 Her-

65 3746 182 3830 cules,
198 3745 319 3842 gratia
336 3744 537 3821 Deianirae.

125 3909 201 3967 JAM
216 3912 334 3971 nitidum
349 3920 499 3988 retegente
514 3913 601 3984 diem,
613 3915 761 3991 noctisque
774 3913 890 3991 fugante
1076 3915 1295 3953 mmmm·

65 3988 216 4065 Tempora
230 3989 379 4061 Lucifero,
390 3992 466 4050 cadit
481 3992 575 4052 Eurus
591 4016 598 4064 ;
621 4002 651 4052 et
666 3994 911 4068 humidasurgunt
1002 3964 1371 4088 eldmbwwfflwff'f

66 4067 184 4127 Nubila.
229 4070 304 4129 Dant
320 4071 422 4147 placidi
437 4090 554 4131 cursum
568 4073 754 4132 redeuntibus
768 4073 867 4131 Austri
1001 4081 1062 4133 lente
1073 4093 1176 4148 tempora
1195 4089 1272 4132 sacru
1289 4096 1317 4127 ru
1333 4098 1370 4130 ro·

64 4146 202 4221 Eacidis,
218 4150 408 4229 Cephaloque
421 4173 429 4225 ;
452 4151 555 4230 quibus
569 4150 695 4212 feliciter
703 4153 760 4210 acti
983 4143 1070 4251 '2⁶⁰3'
1088 4146 1282 4251 stprffnffl‘tzeinttr
1298 4149 1374 4204 ator·

1019 4221 1074 4251 ur
1121 4221 1144 4251 nr
1241 4210 1367 4264 ungranus.

1002 4265 1067 4312 mci
1085 4266 1147 4312 lenes
1154 4265 1294 4324 per-nauum
1307 4263 1368 4311 rodi·

1002 4332 1050 4372 hcm
1062 4325 1174 4373 AEncr'alr'r
1185 4327 1374 4381 revertentibus..

1002 4393 1030 4430 u!
1046 4400 1075 4432 ue
1100 4384 1217 4445 Cephalo,-
1241 4381 1260 4433 d
1281 4384 1367 4450 qru'bru

996 4403 1207 4505 selumnrpros
1292 4488 1296 4494 .

93 4735 118 4788 2.
131 4713 203 4789 Cadit
215 4736 315 4800 Hirrus]
334 4734 384 4801 Qri
406 4733 532 4800 Cephalo,
551 4750 586 4786 ex
598 4731 697 4802 AEginr
763 4738 788 4787 4.
799 4736 1060 4799 AEacidr'sdbdilitibus
1069 4745 1101 4795 ab
1110 4746 1193 4802 AEnco
1201 4749 1226 4800 in
1236 4751 1362 4802 auxilium

47 4800 154 4871 ,insutu
173 4801 628 4854 Athenasrediturosdversurerat.
732 4802 849 4855 Athenas
859 4809 1027 4867 missiset&
1047 4811 1188 4868 halodaris.
1213 4819 1336 4870 NamTael
1353 4843 1364 4856 -

96 4867 134 4946 lb·
147 4870 283 4935 Lucifera]
298 4870 405 4922 Lucifer
428 4867 504 4920 stella
522 4876 565 4919 est
575 4869 698 4931 Veneris,
731 4885 782 4946 aron
786 4875 918 4940 fraterque
929 4881 993 4929 sor·
1051 4879 1113 4934 hetta
1123 4886 1291 4949 paratuum.
1305 4885 1365 4939 676.

59 4949 176 5004 qunque
187 4941 327 4992 errantium
338 4938 431 4992 instare
441 4938 699 5003 terraqueprozima
731 4935 776 4987 lrb.
786 4942 810 4991 7.

1289 5031 1365 5084 Anu
