2978 5394
566 1130 1003 1209 ARGUMENTUM.

717 1457 839 1491 ’000-

241 1728 334 1805 HlC
354 1728 511 1827 Agenor
530 1726 713 1798 Cadmum
735 1723 847 1819 jubet
864 1722 981 1797 filiam
1008 1725 1177 1798 amissam
1196 1720 1439 1815 investigare.

139 1844 258 1926 Quod
268 1845 358 1917 dum
376 1842 440 1917 ille
459 1839 559 1925 lacit,
570 1842 591 1911 ὲ
604 1836 778 1943 dentibus
792 1836 964 1910 draconis
979 1837 1095 1911 occisi
1108 1838 1145 1913 in
1158 1838 1257 1911 terri
1271 1834 1359 1907 satis
1376 1856 1440 1906 en·
1474 1850 1477 1855 ·

138 1965 316 2033 accuntur
332 1953 499 2030 homines
513 1981 522 2037 ;
548 1946 804 2048 cum'quihus
824 1948 889 2024 ille
918 1951 1052 2024 deiude
1079 1950 1231 2027 Thebas
1256 1945 1437 2022 condidit.

139 2068 246 2145 Huic
262 2067 423 2165 primum
440 2063 548 2137 valde
568 2061 739 2135 luctuosa
756 2062 829 2134 luit
855 2061 1000 2158 nepotis
1019 2063 1210 2137 Actaeonis
1236 2062 1273 2135 in
1288 2079 1443 2132 cerrum

138 2179 273 2254 mutati
289 2164 526 2267 dilaceratio:
547 2173 718 2273 quamvis
735 2173 759 2246 J
762 2174 877 2248 unoni
885 2183 996 2277 grata
1014 2173 1139 2263 suerit,
1157 2201 1244 2275 quae
1262 2170 1441 2247 Semelen

140 2270 330 2389 pellicerd'
343 2288 485 2361 oderat.
536 2284 706 2390 Ideoque
725 2286 770 2357 ad
790 2283 907 2382 ipsam
925 2285 994 2358 sub
1011 2285 1107 2362 lacie
1129 2288 1267 2362 Beroiis
1288 2287 1442 2367 nutricis

140 2399 335 2484 accedens,
349 2396 510 2473 mortem
527 2395 584 2470 illi
598 2396 816 2494 procuravit
869 2396 990 2470 Pauld
1011 2408 1095 2495 post
1107 2398 1261 2496 Jupiter
1276 2423 1363 2474 cum
1376 2398 1444 2474 Ju-

139 2538 236 2591 uone
253 2507 459 2612 disputans,
474 2494 557 2587 utra
575 2512 707 2587 Venus
725 2523 821 2587 esset
839 2513 999 2598 suavior,
1016 2512 1202 2587 Tiresiam
1221 2512 1373 2588 adhibet
1389 2537 1443 2587 ar·

139 2627 280 2704 bitrum
297 2634 312 2699 τ’
344 2625 653 2726 quandoquidem
688 2650 817 2728 sexum
838 2636 1055 2725 ¹utrumque
1086 2627 1208 2701 luerat
1252 2637 1441 2729 expertus.

142 2744 191 2832 Is,
204 2744 281 2845 latb
296 2749 426 2845 contra
442 2741 632 2829 Junonem
646 2738 838 2819 sententie,
857 2740 904 2813 ab
921 2740 985 2815 illo
998 2741 1153 2840 quidem
1167 2743 1249 2817 visu
1263 2742 1442 2843 privatus,

143 2857 164 2926 ai
190 2855 288 2928 Jove
307 2861 431 2927 autem
449 2851 677 2926 vaticinandi
702 2851 894 2926 scientiam
912 2863 1136 2928 consecutus
1153 2864 1220 2929 est.
1273 2854 1443 2929 Primum

144 2964 370 3060 autem'cjus
383 2963 579 3037 oraculum
599 2962 637 3035 in
654 2962 831 3036 Narcisso
850 2948 1134 3060 comprobatum
1153 2965 1247 3039 suit:
1274 2967 1342 3064 qui
1360 2968 1446 3039 (lun

145 3077 291 3173 puellas
316 3101 455 3162 omnes,
473 3075 570 3148 inter
587 3100 681 3174 quas
698 3084 737 3147 et
765 3074 873 3149 Echo
890 3102 967 3174 prae
985 3078 1124 3151 amoris
1149 3075 1391 3175 impatientib,
1406 3073 1445 3147 in

146 3210 279 3262 rocem
307 3189 431 3262 luerat
465 3213 655 3274 conversa,
690 3190 995 3288 contempsisset:
1040 3191 1097 3266 sui
1128 3192 1244 3289 ipsius
1277 3189 1443 3286 denique

146 3320 273 3373 amore
291 3301 570 3387 contabescens,
600 3300 638 3376 in
667 3303 798 3377 florem
817 3314 980 3378 mutatus
996 3314 1063 3379 est.
1114 3304 1301 3379 Pentheus
1320 3313 1446 3378 tamen

146 3419 280 3486 ratem·
301 3414 399 3488 hunc
432 3414 623 3501 irridebat,
650 3440 881 3514 quamquam
914 3428 953 3491 et
986 3419 1055 3516 ipsi
1087 3443 1178 3493 vera
1205 3419 1443 3516 predixerat.

147 3525 247 3602 Nam
271 3528 356 3602 clun
372 3527 513 3602 Bacchi
529 3528 811 3604 celebrarentur
824 3531 953 3631 Orgia,
970 3533 1036 3607 ille
1055 3532 1446 3632 famulum'queudam

55 3662 59 3670 ·
147 3662 347 3725 sacrorum,
364 3646 563 3737 postquam
591 3649 721 3714 nautas
747 3640 785 3715 in
811 3642 934 3741 pisces
953 3642 1066 3719 luisse
1093 3644 1374 3721 transformatos
1398 3642 1446 3716 ab

146 3777 193 3826 eo
212 3751 459 3841 intellexerat,
476 3752 514 3828 iu
530 3753 681 3829 vincula
698 3754 883 3853 conjecit:
910 3768 950 3833 et
968 3758 1053 3834 iude
1072 3761 1093 3829 ai
1113 3760 1268 3834 Bacchis
1284 3758 1358 3834 fuit
1374 3756 1447 3831 dis-

57 3917 60 3921 -
147 3873 310 3962 cerptus.
336 3865 382 3941 ld
393 3868 498 3966 quod
511 3891 683 3967 magnam
697 3871 798 3967 apud
814 3896 943 3947 omnes
960 3872 1073 3947 fidem
1086 3872 1199 3949 sacris
1215 3867 1445 3950 conciliavit.
