2978 5394
677 491 682 502 ι
1084 483 1093 503 ἱ

283 544 292 562 Ο

616 675 751 758 lunas.
815 682 820 699 '
933 690 944 756 J
1234 701 1274 759 va

91 858 309 938 Periclymenus
320 852 413 916 Nelei
431 854 506 915 filius
525 855 555 916 in
568 854 663 917 varias
703 857 1126 933 Anaxaretepoellainsaxum
1242 862 1276 914 17

130 941 235 1016 figuras
366 970 376 982 -
459 970 469 981 ·
551 967 563 981 ·
642 939 662 992 6
704 936 792 995 Urbis
804 935 902 996 Rome
912 939 1075 997 conditores
1144 940 1180 997 18
1196 943 1226 996 et
1243 941 1277 996 19

92 1020 209 1081 Achiuis
223 1037 300 1079 mors
365 1050 376 1063 ·
458 1049 469 1060 ·
501 1077 504 1084 ,
551 1048 563 1061 ·
646 1019 663 1075 7
704 1013 1070 1093 Aquael'rigidaeincolidss
1177 1061 1184 1069 ,

705 1096 846 1154 Romulus
859 1095 889 1151 iu
905 1096 999 1155 Deum

316 1204 319 1209 ·
704 1173 843 1244 Hersilia,
872 1173 986 1232 Romuli
1012 1196 1095 1249 uxor,
1124 1181 1153 1238 in
1185 1177 1278 1237 Deam

268 1255 374 1315 LIBIII
396 1255 477 1315 XIII.
744 1254 854 1321 Horam
962 1285 975 1298 ·
1054 1289 1066 1301 -
1147 1289 1158 1305 ·
1239 1263 1279 1316 20

128 1491 225 1557 Aiax
268 1498 298 1556 iu
333 1494 523 1571 hyacinthum
562 1489 665 1550 dorem
892 1493 1000 1554 LIBRI
1022 1493 1088 1553 XV.
1172 1539 1184 1551 .

561 1575 660 1629 saal

88 1662 245 1719 Armorum
259 1654 377 1714 Achillis
393 1651 537 1729 judicium
1094 1678 1097 1685 ¹

86 1738 186 1815 Ajacis
197 1738 288 1795 oratio
742 1731 911 1796 CALCULI
927 1736 983 1795 albi
998 1736 1027 1794 in
1041 1735 1138 1812 nigros
1176 1739 1277 1794 sumt

87 1814 327 1874 Artificiosissima
339 1811 436 1889 Ulysis
447 1811 539 1870 oratio
701 1813 797 1872 Numa
811 1817 847 1873 ad
861 1817 1054 1893 Pythagoram

88 1895 210 1953 Hecuba
229 1895 258 1951 in
271 1912 374 1952 canem
455 1923 468 1936 ·
549 1922 561 1936 ·
642 1894 661 1947 2
701 1892 872 1971 Pythagoras
887 1897 1017 1971 dogmata
1072 1925 1083 1938 ·
1165 1927 1176 1940 ·
1257 1896 1276 1953 2

87 1972 224 2051 Polydori
236 1975 332 2031 caedes
691 1994 955 2037 ,—--sermo
1055 1973 1060 1980 '

88 2052 243 2131 Polyxene
258 2051 414 2110 immolatio
655 2120 658 2127 ¹
859 2053 1115 2133 metempsychosis
1256 2059 1276 2113 3

88 2129 294 2209 Polymestoris
314 2130 451 2190 Thracia
471 2130 547 2207 regis
568 2147 660 2191 excae·
702 2133 880 2211 Pythagoras
893 2134 923 2192 in
938 2133 1127 2210 Euphorbum

126 2212 201 2270 catio
700 2212 835 2272 Omnium
857 2232 956 2272 rerum
969 2213 1196 2271 vicissitudinem
1210 2231 1275 2274 esse

28 2364 31 2368 Δ
87 2289 248 2349 Memnonis
259 2291 374 2350 cineres
385 2290 415 2348 in
427 2308 495 2347 aves
560 2294 564 2301 '
642 2293 661 2345 3
702 2295 800 2353 Annus
815 2293 844 2351 in
859 2301 982 2371 quatuor
996 2299 1094 2369 partes

86 2368 189 2428 AEneae
204 2371 233 2428 in
248 2371 361 2428 Latium
375 2368 517 2445 navigatio
644 2374 661 2424 4
702 2373 834 2442 Quatuor
847 2373 969 2431 hominis
983 2379 1083 2430 etates

85 2449 152 2506 Anii
172 2450 250 2520 filiae,
270 2450 365 2508 omnia
385 2468 438 2507 suo
458 2456 534 2517 lactu
553 2448 582 2505 in
601 2444 661 2505 fru-
702 2452 823 2528 Sperma
838 2452 959 2510 hominis
973 2452 1003 2509 in
1017 2452 1162 2511 hominem

124 2538 264 2598 mentum,
292 2530 402 2598 viuum,
431 2529 565 2586 oleumve
593 2546 661 2585 con·
702 2530 746 2587 Ex
762 2539 884 2608 quatuor
898 2533 1049 2590 elementis
1064 2531 1158 2588 omnia
1171 2530 1235 2590 fieri
1255 2540 1274 2590 4

124 2614 284 2677 vertentes,
300 2609 330 2667 iu
343 2608 490 2667 columbas
699 2609 802 2679 Omnia
821 2612 850 2670 in
866 2618 989 2689 quatuor
1008 2612 1152 2670 elementa
1166 2612 1273 2670 resolvi

85 2686 153 2744 Duo
159 2686 284 2762 juvenes
296 2706 333 2747 ex
345 2687 406 2764 rogi
418 2685 515 2745 favilla
640 2691 658 2744 5
699 2688 928 2749 Terrainmare

86 2763 336 2825 Indexinsaxum
455 2796 467 2809 ·
564 2769 658 2827 aeta
698 2768 783 2827 Mare
796 2773 826 2831 iu
839 2777 949 2830 terram

84 2844 191 2902 Siciliae
203 2845 360 2921 descriptio
458 2876 470 2891 ·
550 2875 562 2890 ·
643 2847 777 2905 8Mira
791 2849 861 2926 Lyci
875 2849 998 2908 fluminis
1013 2855 1116 2908 natura

85 2923 181 2999 Scylla
194 2922 224 2981 in
238 2931 397 2982 monstrum
700 2925 830 2987 Erisinus
843 2927 947 2987 fluvius
1068 2961 1078 2973 ·
1160 2961 1171 2973 ·

86 3000 322 3061 Acisinflurium
700 3004 814 3084 Caycus
828 3006 931 3067 fluvius
1068 3039 1079 3052 ·
1161 3041 1171 3053 ·

86 3079 259 3157 Polyphemi
271 3076 414 3142 carmem
698 3085 857 3145 Amasenus
871 3085 975 3147 fluvius
1069 3117 1080 3130 ·
1161 3119 1172 3132 ·

85 3159 212 3220 Glaucus
227 3161 256 3218 in
272 3162 367 3221 Deum
381 3161 522 3234 marinum
641 3167 659 3234 9
699 3165 822 3240 Anigrus
836 3164 940 3225 fluvius

698 3242 841 3321 Hipponis
855 3244 959 3305 fluvius
1068 3278 1079 3289 -
1161 3277 1172 3290 ·

700 3322 1050 3384 Insulasinconlinentem
1160 3356 1171 3369 ·

268 3396 376 3458 LIBRI
399 3397 479 3458 x1v.
700 3400 911 3464 Exconlinenti
926 3405 1027 3464 insulae
1068 3436 1079 3449 ·
1160 3436 1172 3447 ·

700 3479 813 3542 Helicae
823 3482 959 3560 Buraque
970 3485 1059 3542 urbes
1067 3483 1223 3557 submersa
1237 3486 1272 3542 13

700 3557 745 3618 Ex
758 3562 877 3639 planitie
890 3569 1022 3622 montes⁴
1066 3595 1078 3607 ·
1160 3595 1170 3607 -
1235 3565 1271 3637 14

126 3637 288 3697 SCYLLAE
301 3639 419 3715 inguina
431 3639 461 3698 in
475 3655 561 3699 canes
590 3657 657 3698 ras.
699 3637 815 3700 Crathis
829 3639 1078 3719 etSybarisflurii
1148 3670 1170 3688 ··
1236 3647 1271 3702 18

643 3723 655 3781 l
698 3717 863 3780 Salmacidis
877 3720 1074 3795 sontisnatura
1160 3753 1171 3766 ·
1236 3724 1271 3782 19

87 3797 383 3875 CercopesinaImias
454 3829 465 3842 ·
547 3831 558 3843 ·
639 3797 853 3876 3AEthiopiae
867 3802 979 3858 lacus‘
1066 3833 1078 3846 ·
1159 3833 1171 3846 ·
1232 3804 1271 3865 20

86 3878 194 3955 Sibylla
208 3878 238 3935 in
251 3896 355 3936 rocem
455 3910 466 3921 ·
507 3877 510 3884 ’
548 3909 559 3921 ·
640 3882 659 3934 4
698 3875 812 3937 Clitorii
826 3879 907 3940 fluvii
921 3885 1023 3950 natura
1067 3913 1078 3926 ·
1159 3912 1176 3937 ·.
1232 3884 1267 3943 21

85 3957 160 4015 Socii
175 3957 285 4034 Ulyssis
296 3957 325 4014 in
337 3976 441 4034 porcos
562 3961 658 4037 hetti
698 3955 976 4033 Lyncestuslluvius
1067 3993 1078 4003 ·
1140 3992 1171 4017 .·
1232 3964 1270 4018 22

83 4037 192 4095 -in
203 4036 351 4112 pristinam
362 4035 481 4096 formam
699 4037 920 4117 Arcadimlanus
975 4071 986 4082 -
1067 4071 1078 4084 ·
1160 4071 1170 4083 -
1232 4043 1270 4097 93

88 4113 172 4174 Picus
186 4117 316 4174 inanem
362 4148 373 4160 ·
455 4148 466 4162 ·
548 4148 559 4162 ·
641 4121 658 4172 7
699 4113 818 4192 Ortygia
832 4117 925 4175 insula
938 4116 1088 4176 immobilis
1159 4150 1170 4163 ·
1232 4122 1270 4175 24

87 4190 148 4261 I'ici
163 4196 279 4254 comites
295 4194 324 4252 in
338 4194 415 4254 feras
455 4229 465 4240 ·
547 4227 559 4239 ·
640 4199 658 4251 8
698 4193 903 4271 Symplegades
922 4196 1021 4255 insulas
1036 4197 1104 4255 olim
1124 4196 1270 4257 instabiles

85 4270 202 4331 Canens
210 4274 272 4333 Pici
284 4293 358 4332 uxor
368 4274 424 4332 Ioci
435 4292 539 4332 nomen
640 4278 657 4330 9
698 4274 793 4332 AEtnae
804 4275 906 4332 montis
917 4275 1080 4337 incendium
1160 4307 1171 4320 ·
1232 4279 1271 4333 25

83 4352 197 4425 Apulus
208 4361 304 4428 pastor
317 4353 347 4412 in
359 4354 515 4412 oleastrum
623 4358 654 4411 ll
699 4351 880 4431 Hominesiu
894 4373 963 4412 aves
1066 4388 1078 4400 ·
1160 4386 1171 4399 ·
1232 4360 1270 4414 26

82 4430 189 4489 AEnere
204 4452 289 4492 naves
305 4434 335 4491 iu
350 4432 499 4511 Nymphas
529 4478 532 4483 .
624 4436 658 4491 12
699 4432 839 4508 Scythice
854 4433 991 4493 mulieres
1005 4434 1034 4492 in
1048 4453 1117 4492 aves
1231 4440 1270 4493 97

83 4509 175 4569 Naris
191 4511 220 4569 in
234 4513 384 4589 scopulum
455 4545 466 4556 ·
547 4546 558 4558 ·
624 4516 658 4571 13
698 4513 776 4586 Apes
791 4513 938 4571 erritulis
1067 4545 1078 4556 ·
1159 4546 1170 4559 ·
1231 4521 1269 4574 28

83 4591 181 4648 Ardea
192 4590 221 4648 in
233 4609 317 4649 arem
455 4625 466 4635 ·
548 4624 559 4635 -
624 4597 658 4648 14
699 4588 865 4649 Crabroues
879 4609 916 4649 ex
930 4594 1011 4670 aquis
1066 4624 1077 4635 ·
1159 4628 1170 4639 ·
1231 4598 1269 4671 29

86 4670 194 4727 AEneas
208 4670 238 4731 in
251 4671 347 4731 Deum
361 4670 519 4748 Indigetem
624 4676 659 4728 15
699 4669 834 4746 Scorpius
849 4689 886 4728 ex
899 4689 1005 4737 cancro
1067 4705 1077 4715 -
1158 4706 1170 4718 ·
1231 4678 1270 4731 30

85 4748 187 4806 ¹llbani
201 4767 286 4826 reges
363 4783 373 4793 -
455 4785 466 4795 ·
507 4754 514 4759 “
547 4783 558 4796 -
624 4754 657 4808 16
699 4747 801 4809 Tinea
813 4757 940 4825 agrestes
951 4751 981 4807 in
991 4751 1150 4826 papiliones
1230 4757 1265 4810 31

84 4826 259 4887 Vertumnus
270 4829 300 4887 in
312 4829 407 4891 varias
417 4829 521 4908 figuras
697 4827 794 4886 LImus
808 4829 838 4887 in
852 4847 935 4886 ranas
1066 4866 1077 4879 ·
1158 4863 1170 4877 ·
1230 4834 1269 4888 32

83 4909 329 4987 -·-iuretulanr
699 4906 830 4972 Informis
840 4926 909 4982 caro
919 4909 949 4970 in
959 4928 1058 4987 ursum
1157 4942 1170 4956 ·
1230 4913 1270 4977 33

399 5070 418 5102 6
