2978 5394
851 108 891 132 tp.

821 236 931 260 Ὦ*

578 1091 800 1273 ruunx
881 1104 897 1133 '

403 1442 539 1498 uouunr
564 1433 650 1501 uum
673 1404 719 1495 'ru
743 1440 972 1503 unoeuoeuc

500 1712 620 1774 LIBRO
641 1713 694 1775 ET
716 1714 872 1776 FABULA

311 1986 855 2069 METAMORPHOSEON
882 1991 1060 2071 0less

687 2170 710 2209 φ

549 2311 826 2366 communion.

540 2423 545 2443 .·
936 2404 951 2447 Ι

632 2612 735 2660 ==

296 2877 415 2949 irritu
438 2874 461 2948 l.
707 2889 813 2968 Syrinr
826 2891 952 2970 nympha
965 2892 995 2952 in
1009 2893 1158 2953 calumum
1250 2893 1283 2952 13

312 3026 315 3031 .
707 2972 801 3046 Argue
814 2971 844 3028 iu
857 2975 976 3032 caudam
991 2973 1111 3050 pavonis

179 3042 576 3110 METAMORPHOSEON.
708 3048 740 3107 lo
754 3069 844 3109 vacca
857 3053 887 3109 in
901 3050 1188 3111 humanamsormum
1248 3051 1284 3111 14

707 3127 872 3189 Phuitontir
886 3130 1060 3208 Epaphique
1074 3129 1219 3190 contentio

138 3205 266 3268 CHAOS
296 3211 327 3269 iu
357 3214 482 3287 quotuor
515 3205 667 3264 Elementa

564 3287 663 3343 rimi
910 3286 1017 3347 LIBRI
1039 3286 1077 3346 ll.
1160 3290 1163 3295 ’

88 3372 203 3430 Coelum
228 3377 258 3428 et
284 3376 364 3427 terro
385 3370 513 3444 quinque
535 3364 667 3439 distincta

127 3451 208 3508 zonis
322 3463 333 3471 ·
649 3446 667 3498 ἲ
712 3504 718 3519 ,,
749 3445 1140 3524 REGlAESoliodercriptio
1183 3444 1278 3504 rint

85 3531 219 3600 Quattuor
232 3535 386 3587 ventorum
399 3525 534 3602 regione·
708 3527 840 3599 Quatuor
852 3526 918 3584 unni
932 3536 1031 3603 parter

86 3608 219 3666 Hominis
234 3608 315 3682 origo
493 3657 496 3661 .
708 3606 782 3665 Solis
796 3609 899 3665 currito
912 3607 1070 3683 descriptio

88 3689 220 3758 Qnatuor
233 3694 349 3744 aetatum
370 3683 526 3760 descriptio
547 3686 577 3752 3,
597 3684 668 3750 4,’5
709 3684 858 3763 Equorum
872 3686 945 3744 Solis
960 3687 1074 3745 nomine

86 3767 240 3842 Gigantum
261 3765 375 3842 sanguin
394 3765 424 3822 in
448 3761 580 3821 hominen
601 3779 668 3820 cru·
709 3764 815 3839 Terrae
829 3765 995 3824 incendium

126 3847 207 3904 deles
277 3877 288 3890 -
370 3876 382 3888 -
463 3876 475 3888 ·
556 3873 568 3886 ·
649 3843 678 3918 6,
710 3842 840 3902 Telluris
851 3847 981 3921 querela

67 3924 206 4002 lycaon
220 3925 249 3982 in
266 3924 382 4001 Lupum
462 3954 474 3967 ·
556 3950 566 3965 ·
649 3923 667 3976 7
709 3923 971 3983 Phaetontiscaeus

86 4003 188 4062 Lactei
202 4004 304 4063 circuli
319 4000 476 4078 descriptio
708 4001 846 4062 Heliades
857 4004 886 4061 in
897 4005 1019 4081 populor
1134 4034 1145 4048 ·
1260 4008 1288 4075 2

85 4082 167 4140 Jovis
182 4082 274 4141 oratio
290 4085 326 4141 de
340 4081 477 4159 Lycaone
707 4080 862 4142 Heliadum
876 4085 1033 4161 lachryme
1047 4084 1077 4141 in
1091 4084 1235 4142 electrum
1265 4082 1285 4141 3

88 4160 196 4218 Diluvii
211 4161 368 4238 descriptio
459 4190 471 4205 ·
554 4191 565 4205 -
647 4162 665 4216 8
706 4161 823 4240 Cygnus
846 4180 898 4221 rer
918 4163 1054 4239 Ligurum
1070 4166 1099 4221 iu
1114 4163 1226 4222 olorem
1265 4167 1287 4219 4

85 4240 210 4317 Lapides
225 4242 253 4299 in
268 4240 399 4299 hominen
705 4239 814 4300 Calisto
830 4241 971 4320 Lycaonis
986 4243 1043 4300 iilia
1057 4243 1086 4301 in
1100 4260 1197 4301 ursam
1266 4242 1286 4298 ὅ

85 4319 184 4378 Terra
206 4321 234 4378 in
256 4320 352 4391 varino
374 4319 538 4385 animalium
558 4318 665 4395 figures
706 4322 796 4381 Arcas
820 4340 887 4383 cum
909 4322 1018 4381 Celieto
1031 4331 1124 4381 matre
1138 4322 1168 4378 iu
1188 4320 1286 4378 sideru

83 4478 226 4555 Pythonis
239 4479 383 4554 serpentis
396 4480 493 4538 ceder
706 4478 820 4539 Corvus
834 4497 872 4539 ex
886 4481 1006 4540 candido
1020 4481 1104 4556 niger
1172 4509 1183 4523 ·
1266 4482 1284 4536 ‘1

84 4557 181 4634 Pythii
197 4557 257 4616 ludi
705 4557 828 4618 Coronis
843 4561 872 4618 in
886 4561 1032 4620 cornicem
1170 4587 1182 4603 ·
1264 4561 1284 4616 8

84 4636 235 4712 Cupidinis
251 4636 417 4712 sagittarum
427 4638 585 4716 descriptio
630 4642 666 4695 10
705 4637 890 4698 Ericthonius
904 4641 966 4699 uine
981 4657 1061 4712 more
1076 4644 1158 4697 naurs

83 4712 207 4791 Daphne
223 4717 251 4773 in
266 4716 381 4774 laurum
706 4717 879 4797 Nyctimene
893 4719 924 4777 in
938 4725 1070 4776 noctuam
1162 4747 1173 4761 ·
1266 4718 1285 4776 9

84 4792 387 4872 Tempcsdescriptio
437 4828 449 4841 ·
531 4831 541 4841 -
631 4800 662 4854 11
706 4798 822 4875 Ocyro'd
837 4797 974 4856 Chironis
995 4796 1212 4875 filiainequum
1249 4800 1286 4856 to

86 4873 117 4931 lo
131 4875 160 4931 in
175 4893 292 4934 vaccam
705 4878 809 4954 Apollo
818 4879 848 4935 in
859 4883 1006 4954 pastorem

85 4950 249 5014 Mercurius
263 4955 299 5014 ad
315 4955 428 5034 'Argum
441 4955 570 5041 murus·
629 4960 663 5015 12
706 4956 806 5018 Battus
820 4958 850 5016 iu
865 4955 990 5033 lapidem
1002 4956 1127 5019 indicem
1247 4957 1281 5012 ll
