2978 5394
1174 184 1182 217 1

160 278 221 359 ,su
471 214 475 224 ’
733 256 868 318 suunx.

1119 350 1145 387 Ι

194 433 334 513 Agraulos
359 427 500 505 Cecropis
527 424 587 484 filis
605 394 647 481 in
669 436 770 478 sexum
810 413 1109 478 Melicertainlieum
1118 407 1261 473 marinum
1271 424 1336 469 rsa.
1347 406 1382 467 tr

650 516 716 571 ru.
735 503 771 559 12
811 499 938 557 Comites
953 498 1017 555 luds
1031 496 1061 554 in
1074 512 1143 552 sana
1157 498 1266 566 etates
1349 486 1385 545 12

196 593 314 652 Invidiae
329 590 426 649 domus
441 580 598 662 desumptis
811 578 936 638 Cadmus
950 596 1016 637 cum
1030 572 1165 632 uxorein
1179 587 1301 645 anguem
1350 566 1388 622 13

195 669 418 730 ——effictio
810 649 928 735 Jupiter
937 657 966 715 in
980 672 1083 714 aurum
1163 658 1181 696 ·'
1255 678 1267 691 -
1351 648 1386 701 ll

194 750 311 827 Jupiter
323 750 353 807 in
366 755 480 806 taurum
812 737 914 796 Persei
927 743 1009 811 gesta
1047 814 1052 825 1
1291 804 1319 817 ..
1359 801 1364 811 Ι

197 830 314 906 Europa
342 847 379 886 ex
408 821 557 883 Phoenicis
593 819 624 878 in
650 816 771 876 Cretam
810 817 907 875 Gutta
926 813 1069 891 sangarims
1092 811 1221 870 Medusae
1235 811 1337 883 capitis
1357 818 1388 860 m

175 971 178 975 ,
235 909 355 967 advecta
664 969 666 971 ,
785 926 792 939 =
851 902 1003 972 serpentes

811 975 891 1034 Atlas
901 976 930 1033 in
944 979 1071 1033 montem
1164 1003 1179 1037 ·.
1257 997 1268 1010 ·
1352 964 1389 1018 15

812 1055 994 1112 Andromeda
1004 1060 1070 1112 ceto
1081 1049 1210 1127 exposita
1353 1043 1389 1097 16

394 1137 500 1200 LIBRI
521 1133 573 1196 111.
815 1132 947 1207 Virgulta
960 1133 989 1190 in
1003 1131 1112 1189 coralia

815 1211 1005 1269 Andromede
1020 1208 1180 1284 Perseiqne
1195 1203 1301 1282 nuptiae
1341 1202 1389 1290 Ι17

815 1288 941 1363 Pegasus
967 1308 1059 1366 equus
1080 1286 1170 1345 alatus
1202 1286 1219 1341 d
1251 1295 1388 1357 sangiune

239 1372 773 1441 DRACONlSdentesiuvirosarmn·
855 1369 985 1426 Medusa

277 1470 320 1521 tos
673 1471 739 1509 rsa.
760 1455 770 1507 l
815 1448 945 1507 Medusae
959 1445 1056 1525 capilli
1070 1445 1100 1503 in
1112 1449 1266 1519 serpentes

198 1540 322 1600 Cadmus
337 1538 457 1597 Boeotiae
471 1534 601 1595 conditor
663 1563 675 1575 ·
756 1533 775 1584 2

198 1625 315 1681 Actaeon
326 1620 354 1677 in
370 1618 500 1675 Certum
620 1690 626 1702 1
676 1690 697 1710 ,Α
798 1622 802 1630 ’
1022 1598 1128 1710 'LIBRI
1150 1649 1188 1706 v·

198 1701 330 1759 Bacchus
345 1717 382 1756 ex
397 1694 512 1754 Semele
527 1692 628 1750 Cadmi
643 1689 702 1749 filia
757 1685 776 1743 3

197 1780 274 1837 Juno
288 1779 317 1836 in
331 1796 416 1834 anum

198 1857 305 1916 Bacchi
317 1856 449 1914 educatio
857 1855 1056 1917 CEPHENEI
1075 1852 1216 1912 Perseum
1226 1861 1392 1933 oppugnans

199 1935 330 1994 Tiresias
345 1935 374 1992 in
388 1933 532 1991 foeminam
666 1962 677 1972 ·
758 1933 776 1984 l
897 1947 941 1998 teg
956 1938 985 1995 in
998 1955 1067 1994 ma
1294 1928 1388 1983 rim

198 2017 345 2074 -iss
359 2032 470 2070 marem
818 2017 989 2095 Cephenum
996 2013 1131 2074 tumultus
1145 2006 1302 2084 descriptio

197 2093 279 2153 Echo
294 2097 321 2153 iu
337 2110 440 2151 vocem
571 2123 582 2132 ·
664 2119 675 2131 ·
756 2089 943 2155 5Phineus
957 2094 1073 2172 Cephei
1087 2088 1357 2169 fraterinstntuam

90 2235 94 2245 .
197 2173 350 2231 Narcissus
364 2172 394 2228 in
408 2169 511 2228 florem
571 2200 582 2212 ·
663 2198 675 2210 ·
757 2169 939 2234 6Pr010us
953 2178 983 2234 in
996 2172 1122 2250 lapidem
1191 2200 1202 2211 ·
1283 2198 1295 2210 ·
1373 2166 1396 2218 2

200 2250 347 2309 Pentheus
360 2256 461 2308 contre
475 2248 622 2308 Bacchum
636 2243 775 2303 surens7
817 2255 989 2332 Polydectes
1003 2254 1033 2311 iu
1046 2269 1147 2310 saxum
1188 2281 1199 2290 ·
1283 2278 1294 2288 ·
1374 2245 1395 2297 3

199 2329 332 2388 Bacchus
347 2332 375 2389 in
391 2346 515 2404 puerum
572 2359 583 2370 ·
665 2357 676 2368 ·
758 2327 776 2379 8
818 2334 1022 2411 Hippocrenes
1036 2330 1121 2389 fontis
1135 2324 1293 2402 descriptio
1373 2325 1392 2376 4

201 2407 351 2486 Tyrrheni
365 2415 459 2466 naute
473 2410 504 2466 in
517 2405 670 2483 delphinos
742 2406 778 2460 10
819 2413 946 2490 Pyrenei
956 2409 1140 2485 sacrilegium

200 2485 324 2546 Penthei
332 2506 409 2546 mors
817 2491 1032 2550 Musaeinaves

817 2569 1061 2646 Gigantomachim
1072 2563 1229 2642 descriptio

816 2649 935 2726 Jupiter
944 2649 974 2707 in
983 2648 1106 2706 arietem

399 2721 506 2782 LIBRI
525 2716 577 2781 lv.
818 2728 923 2805 Apollo
937 2729 967 2785 in
981 2740 1101 2786 corvum

818 2806 951 2865 Bacchus
965 2807 995 2864 in
1009 2822 1130 2884 caprum

271 2944 274 2951 ,
820 2884 913 2943 Diana
926 2887 956 2944 in
969 2884 1059 2944 selem

136 3036 139 3041 Ι
241 2962 389 3022 BACCHI
405 2961 521 3020 nomina
683 2962 777 3017 rand
819 2963 896 3024 Juno
910 2967 940 3024 in
953 2983 1073 3023 vaccam

135 3044 138 3049 ’
202 3042 336 3103 Dercetis
345 3041 505 3118 Babylonia
518 3039 547 3098 in
559 3038 670 3117 piscem
821 3042 921 3103 Venus
934 3045 965 3103 in
978 3045 1089 3122 piscem

202 3119 578 3182 Semiramisincolumbam
637 3146 641 3153 ·
821 3122 1029 3183 Mercuriusin
1043 3124 1114 3183 ibim
1195 3152 1206 3166 ·
1289 3149 1299 3163 ·

202 3201 272 3260 Nais
287 3202 316 3260 in
331 3201 441 3278 piscem
823 3201 944 3262 Cereris
958 3203 1058 3262 laudes

202 3279 288 3339 Mora
319 3298 357 3349 er
389 3278 461 3336 albis
493 3276 575 3353 nigra
606 3275 724 3355 Pyram
752 3281 783 3334 et
823 3279 1006 3359 Proserpina
1021 3291 1120 3360 raptus

245 3358 372 3417 Thisbes
385 3356 524 3431 sanguine
538 3355 643 3419 effecta
763 3357 781 3411 2
822 3358 959 3437 Pergusae
973 3363 1050 3422 lacus
1064 3360 1221 3437 descriptio

204 3438 329 3497 Veneris
345 3457 411 3495 cum
425 3435 520 3493 Marte
535 3435 710 3494 adulterium
763 3437 782 3492 8
823 3438 924 3516 Cyane
939 3440 1075 3519 Nympha
1089 3441 1119 3499 in
1132 3447 1263 3515 stagnum

204 3517 373 3575 Leucothoe
387 3516 416 3573 in
430 3513 523 3572 thuris
538 3515 675 3574 arborem
824 3516 903 3577 Puer
912 3521 1085 3578 temerarius
1099 3520 1129 3578 in
1142 3518 1306 3577 stellionem
1380 3518 1399 3569 ,7

205 3597 303 3673 Clytie
313 3595 343 3653 in
358 3594 512 3669 heliotrop.
528 3593 651 3651 herbam
763 3597 783 3650 4
824 3598 1002 3676 Ascalaphus
1016 3601 1045 3659 in
1058 3600 1204 3658 bubonem
1380 3595 1401 3649 ὃ

206 3675 337 3752 Daphnis
353 3674 445 3732 idaeus
459 3673 489 3729 in
503 3689 604 3731 saxum
718 3700 724 3711 ·
765 3676 784 3730 5
825 3676 941 3736 Sirenes
955 3679 985 3736 in
997 3698 1068 3738 aves
1177 3709 1188 3722 ·
1269 3706 1281 3718 ·
1381 3674 1403 3726 9

206 3755 333 3832 Scython
347 3753 377 3810 iu
391 3751 536 3811 soeminam
672 3785 683 3796 ·
765 3754 783 3810 6
825 3757 969 3816 Arethusa
983 3759 1110 3836 nympha
1123 3759 1152 3818 in
1166 3754 1275 3814 sontem
1368 3755 1403 3808 10

206 3833 316 3892 Celmis
330 3850 406 3910 puer
419 3831 448 3888 in
462 3831 641 3889 adamantem
766 3835 784 3888 1
824 3834 940 3912 Lyncus
980 3853 1033 3896 rex
1071 3837 1244 3914 Scytharum
1277 3834 1307 3892 in
1339 3830 1402 3906 lyn-

209 3911 320 3970 Crocus
334 3929 401 3969 curn
415 3908 536 3966 Smilace
548 3908 676 3970 inflores
767 3913 784 3968 8
865 3935 929 3974 cem
993 3951 1004 3961 .
1086 3949 1097 3960 .
1179 3946 1190 3957 .
1271 3945 1282 3956 .
1368 3911 1400 3965 ll

208 3990 373 4049 Salmacidis
387 3987 586 4047 fontisnatura
666 4021 677 4034 ·
767 3992 785 4047 9
828 3992 958 4056 Pierides
972 3999 1001 4058 in
1015 3996 1095 4073 picas
1178 4024 1189 4038 ·
1271 4023 1282 4035 -
1359 3989 1402 4054 ..¹2

136 4094 139 4101 ·
209 4066 470 4145 Hermaphroditus
517 4086 584 4125 cum
628 4067 788 4128 Salmacide
1226 4080 1231 4089 ’

250 4147 384 4224 Nymphd
398 4145 548 4222 copulatus

209 4226 371 4304 Minyeides
382 4225 412 4284 in
427 4225 648 4300 vespertiliones
753 4231 788 4286 10

212 4306 263 4363 lno
277 4303 453 4365 Athamantis
469 4305 584 4361 uxorin
601 4307 693 4369 Deam
752 4309 783 4366 ll

208 4383 273 4442 Via
284 4385 319 4442 ad
333 4382 440 4442 interos
451 4383 608 4461 descriptio
868 4380 1077 4447 ARACHNES
1091 4394 1157 4444 crta
1171 4379 1288 4439 Pallade
1306 4382 1399 4436 certa-

210 4460 286 4525 duno
300 4464 336 4522 ad
349 4461 458 4523 inferos
907 4484 973 4527 m.
1298 4460 1395 4529 mu

960 4164 962 4167 ’
1026 4194 1132 4255 sinai
1149 4189 1200 4253 vr.
